@article{Allombert02,
  title={Explicit computation of isomorphisms between finite fields},
  author={Allombert, Bill},
  journal={Finite Fields and Their Applications},
  volume={8},
  number={3},
  pages={332--342},
  year={2002},
  publisher={Elsevier Science}
}

@article{JP16,
  author    = {Antoine Joux and
               C{\'{e}}cile Pierrot},
  title     = {Technical history of discrete logarithms in small characteristic finite
               fields - The road from subexponential to quasi-polynomial complexity},
  journal   = {Des. Codes Cryptography},
  volume    = {78},
  number    = {1},
  pages     = {73--85},
  year      = {2016},
  url       = {https://doi.org/10.1007/s10623-015-0147-6},
  doi       = {10.1007/s10623-015-0147-6},
  timestamp = {Sat, 20 May 2017 00:23:20 +0200},
  biburl    = {http://dblp.uni-trier.de/rec/bib/journals/dcc/JouxP16},
  bibsource = {dblp computer science bibliography, http://dblp.org}
}

@article{JP14,
  author    = {Antoine Joux and
               C{\'{e}}cile Pierrot},
  title     = {Improving the Polynomial time Precomputation of Frobenius Representation
               Discrete Logarithm Algorithms - Simplified Setting for Small Characteristic
               Finite Fields},
  journal   = {{IACR} Cryptology ePrint Archive},
  volume    = {2014},
  pages     = {924},
  year      = {2014},
  url       = {http://eprint.iacr.org/2014/924},
  timestamp = {Thu, 08 Jun 2017 14:26:39 +0200},
  biburl    = {http://dblp.uni-trier.de/rec/bib/journals/iacr/JouxP14},
  bibsource = {dblp computer science bibliography, http://dblp.org}
}

@article{Joux13,
  author    = {Antoine Joux},
  title     = {A new index calculus algorithm with complexity {L}(1/4+o(1)) in very
               small characteristic},
  journal   = {{IACR} Cryptology ePrint Archive},
  volume    = {2013},
  pages     = {95},
  year      = {2013},
  url       = {http://eprint.iacr.org/2013/095},
  timestamp = {Thu, 08 Jun 2017 14:26:39 +0200},
  biburl    = {http://dblp.uni-trier.de/rec/bib/journals/iacr/Joux13},
  bibsource = {dblp computer science bibliography, http://dblp.org}
}

@misc{Nemo,
    author = {Hart, William and others},
    howpublished = {\url{http://nemocas.org}},
    key = {Nemo},
    organization = {The Nemo Development Team},
    posted-at = {2016-09-13 00:05:47},
    priority = {2},
    title = {{N}emo {P}ackage ({V}ersion 0.5.0)},
    year = {2016}
}

@misc{Julia,
    howpublished = {\url{http://julialang.org}},
    keywords = {julia},
    posted-at = {2016-09-14 23:55:18},
    priority = {2},
    title = {{Julia} : a high-level, high-performance dynamic language for technical computing}
}

@article{BGJT13,
  author    = {Razvan Barbulescu and
               Pierrick Gaudry and
               Antoine Joux and
               Emmanuel Thom{\'{e}}},
  title     = {A quasi-polynomial algorithm for discrete logarithm in finite fields
               of small characteristic},
  journal   = {CoRR},
  volume    = {abs/1306.4244},
  year      = {2013},
  url       = {http://arxiv.org/abs/1306.4244},
  timestamp = {Wed, 07 Jun 2017 14:43:10 +0200},
  biburl    = {http://dblp.uni-trier.de/rec/bib/journals/corr/BarbulescuGJT13},
  bibsource = {dblp computer science bibliography, http://dblp.org}
}

@article{GKZ14,
  author    = {Robert Granger and
               Thorsten Kleinjung and
               Jens Zumbr{\"{a}}gel},
  title     = {On the Powers of 2},
  journal   = {{IACR} Cryptology ePrint Archive},
  volume    = {2014},
  pages     = {300},
  year      = {2014},
  url       = {http://eprint.iacr.org/2014/300},
  timestamp = {Thu, 08 Jun 2017 14:26:36 +0200},
  biburl    = {http://dblp.uni-trier.de/rec/bib/journals/iacr/GrangerKZ14a},
  bibsource = {dblp computer science bibliography, http://dblp.org}
}

@inproceedings{ZC15,
 author = {Zhuang, Jincheng and Cheng, Qi},
 title = {On Generating Coset Representatives of {$PGL_{2}(\mathbb {F}_{q})$} in {$PGL_{2}(\mathbb {F}_{q^{2}})$}},
 booktitle = {Revised Selected Papers of the 11th International Conference on Information Security and Cryptology - Volume 9589},
 series = {Inscrypt 2015},
 year = {2016},
 isbn = {978-3-319-38897-7},
 location = {Beijing, China},
 pages = {167--177},
 numpages = {11},
 url = {http://dx.doi.org/10.1007/978-3-319-38898-4_10},
 doi = {10.1007/978-3-319-38898-4_10},
 acmid = {2966032},
 publisher = {Springer-Verlag New York, Inc.},
 address = {New York, NY, USA},
 keywords = {Cosets, Discrete logarithm, Primitive elements, Projective linear group},
} 

@article{Bluher04,
  title={On {$x^{q+1}+ ax+ b$}},
  author={Bluher, Antonia W},
  journal={Finite Fields and Their Applications},
  volume={10},
  number={3},
  pages={285--305},
  year={2004},
  publisher={Elsevier}
}

@unpublished{GKZ16a,
  author    = {Robert Granger and
               Thorsten Kleinjung and
               Jens Zumbr{\"{a}}gel},
  title     = {Indiscreet logarithms in finite fields of small characteristic},
  note      = {Preprint available on \url{https://people.epfl.ch//robert.granger}}
}

@article{DH76,
 author = {Diffie, W. and Hellman, M.},
 title = {New Directions in Cryptography},
 journal = {IEEE Trans. Inf. Theor.},
 issue_date = {November 1976},
 volume = {22},
 number = {6},
 month = {Nov},
 year = {1976},
 issn = {0018-9448},
 pages = {644--654},
 numpages = {11},
 url = {http://dx.doi.org/10.1109/TIT.1976.1055638},
 doi = {10.1109/TIT.1976.1055638},
 acmid = {2269104},
 publisher = {IEEE Press},
 address = {Piscataway, NJ, USA},
}

@phdthesis{Adj16,
  title={Logaritmo discreto en campos finitos de caracter{\'\i}stica peque{\~n}a: atacando la criptograf{\'\i}a basada en emparejamientos de Tipo {$1$}},
  author={Adj, Gora},
  year = {2016}
}

@article{HK10,
  title={{$x^{2^l+1}+x+a$} and related affine polynomials over {GF}{$(2^k)$}},
  author={Helleseth, Tor and Kholosha, Alexander},
  journal={Cryptography and Communications},
  volume={2},
  number={1},
  pages={85--109},
  year={2010},
  publisher={Springer}
}

@article{Wan97,
  title={Generators and irreducible polynomials over finite fields},
  author={Wan, Daqing},
  journal={Mathematics of Computation of the American Mathematical Society},
  volume={66},
  number={219},
  pages={1195--1212},
  year={1997}
}

@article{GKZ16b,
   abstract    = {For~$q$ a prime power, the discrete logarithm problem
                 (DLP) in~$\F_{q}$ consists in finding, for any $g \in
                 \mathbb{F}_{q}^{\times}$ and $h \in \langle g \rangle$,
                 an integer~$x$ such that $g^x = h$. We present an
                 algorithm for computing discrete logarithms with which we
                 prove that for each prime~$p$ there exist infinitely many
                 explicit extension fields~$\mathbb{F}_{p^n}$ in which the
                 DLP can be solved in expected quasi-polynomial time.
                 Furthermore, subject to a conjecture on the existence of
                 irreducible polynomials of a certain form, the algorithm
                 solves the DLP in all extensions~$\mathbb{F}_{p^n}$ in
                 expected quasi-polynomial time.},
   affiliation = {EPFL},
   author      = {Granger, Robert and Kleinjung, Thorsten and Zumbragel, Jens},
   details     = {http://infoscience.epfl.ch/record/221130},
   documenturl = {https://infoscience.epfl.ch/record/221130/files/dl_rev.pdf},
   journal     = {Transactions of the {A}merican {M}athematical {S}ociety},
   oai-id      = {oai:infoscience.epfl.ch:221130},
   oai-set     = {IC},
   review      = {REVIEWED},
   status      = {PUBLISHED},
   submitter   = {242282},
   title       = {On the discrete logarithm problem in finite fields of fixed
                  characteristic},
   unit        = {LACAL},
   year        = 2016
}

@inproceedings{Adleman79,
author={L. Adleman},
booktitle={20th Annual Symposium on Foundations of Computer Science (sfcs 1979)},
title={A subexponential algorithm for the discrete logarithm problem with applications to cryptography},
year={1979},
pages={55-60},
keywords={Algorithm design and analysis;Application software;Computer science;History;Laboratories;Mathematics;Public key;Public key cryptography;Security;Testing},
doi={10.1109/SFCS.1979.2},
ISSN={0272-5428},
month={Oct},}

@article{Coppersmith84,
 author = {Coppersmith, D.},
 title = {Fast Evaluation of Logarithms in Fields of Characteristic Two},
 journal = {IEEE Trans. Inf. Theor.},
 issue_date = {July 1984},
 volume = {30},
 number = {4},
 month = sep,
 year = {2006},
 issn = {0018-9448},
 pages = {587--594},
 numpages = {8},
 url = {http://dx.doi.org/10.1109/TIT.1984.1056941},
 doi = {10.1109/TIT.1984.1056941},
 acmid = {2270353},
 publisher = {IEEE Press},
 address = {Piscataway, NJ, USA},
}

@article{PH78,
author = {C. Pohlig, Stephen and E. Hellman, Martin},
year = {1978},
month = {02},
pages = {106 - 110},
title = {Hellman, M.: An improved algorithm for computing logarithms over GF(p) and its cryptographic significance. IEEE Trans. Inform. Theory, IT 24, 106-110},
volume = {24},
booktitle = {Information Theory, IEEE Transactions on}
}

@article{Flint,
  title={Fast library for number theory: an introduction},
  author={Hart, William},
  journal={Mathematical Software-ICMS 2010},
  pages={88-91},
  year={2010},
  publisher={Springer},
  url={http://www.flintlib.org},
}

@article{BCS97,
  title={Lattices of compatibly embedded finite fields},
  author={Bosma, Wieb and Cannon, John and Steel, Allan},
  journal={Journal of Symbolic Computation},
  volume={24},
  number={3-4},
  pages={351--369},
  year={1997},
  publisher={Elsevier}
}

@manual{Sagemath,
  Key          = {SageMath},
  Author       = {The Sage Developers},
  Title        = {{S}ageMath, the {S}age {M}athematics {S}oftware {S}ystem ({V}ersion 8.1)},
  note         = {{\tt http://www.sagemath.org}},
  Year         = {2017},
}

@article {Magma,
    AUTHOR = {Bosma, Wieb and Cannon, John and Playoust, Catherine},
     TITLE = {The {M}agma algebra system. {I}. {T}he user language},
      NOTE = {Computational algebra and number theory (London, 1993)},
   JOURNAL = {J. Symbolic Comput.},
  FJOURNAL = {Journal of Symbolic Computation},
    VOLUME = {24},
      YEAR = {1997},
    NUMBER = {3-4},
     PAGES = {235--265},
      ISSN = {0747-7171},
   MRCLASS = {68Q40},
  MRNUMBER = {MR1484478},
       DOI = {10.1006/jsco.1996.0125},
       URL = {http://dx.doi.org/10.1006/jsco.1996.0125},
}

@misc{NTL,
    author = {Shoup, Victor},
    citeulike-article-id = {7300697},
    howpublished = {\url{http://www.shoup.net/ntl}},
    keywords = {ntl},
    posted-at = {2010-06-14 18:33:18},
    priority = {2},
    title = {{NTL}: A library for doing number theory}
}

@manual{Pari,
    organization = "{The PARI~Group}",
    title        = "{PARI/GP version {\tt 2.9.4}}",
    year         = 2018,
    address      = "Univ. Bordeaux",
    note         = "available from \url{http://pari.math.u-bordeaux.fr/}",
    comment = {available from \url{http://pari.math.u-bordeaux.fr/}},
}

@article{BDDFS17,
  title={Computing isomorphisms and embeddings of finite fields},
  author={Brieulle, Ludovic and De Feo, Luca and Doliskani, Javad and Flori, Jean-Pierre and Schost, {\'E}ric},
  journal={arXiv preprint arXiv:1705.01221},
  year={2017}
}

@article{HL98,
  title={New algorithms for generating {C}onway polynomials over finite fields},
  author={Heath, Lenwood S and Loehr, Nicholas A},
  year={1998}
}

@article{Parker90,
  title={Finite Fields and {C}onway Polynomials. 1990},
  author={Parker, Richard},
  journal={Vortrag am IBM Scientific Center Heidelberg}
}

@article{Defeo17,
  title={Mathematics of Isogeny Based Cryptography},
  author={De Feo, Luca},
  journal={arXiv preprint arXiv:1711.04062},
  year={2017}
}

@inproceedings{DRR19,
  title={Standard lattices of compatibly embedded finite fields},
  author={De Feo, Luca and Randriam, Hugues and Rousseau, {\'E}douard},
  booktitle={Proceedings of the 2019 on International Symposium on Symbolic and
      Algebraic Computation},
  pages={122--130},
  year={2019}
}

@Electronic{Nickel1988,
  author      = {Nickel, Werner},
  title       = {{E}ndliche {K}{\"o}rper in dem gruppentheoretischen {P}rogrammsystem {GAP}},
  year        = {1988},
  url         = {https://www2.mathematik.tu-darmstadt.de/~nickel/},
  institution = {RWTH Aachen},
  type        = {mathesis},
}

@inproceedings{HL99,
    author = {Heath, Lenwood S. and Loehr, Nicholas A.},
    isbn = {0-89871-434-6},
    keywords = {conway\_polynomial, finite\_field},
    location = {Baltimore, Maryland, United States},
    pages = {429-437},
    posted-at = {2011-08-05 01:37:27},
    priority = {3},
    publisher = {SIAM},
    booktitle = {SODA '99},
    title = {New algorithms for generating {C}onway polynomials over finite fields},
    year = {1999}
}

@inproceedings{BDEZ12,
  title={Finding optimal formulae for bilinear maps},
  author={Barbulescu, Razvan and Detrey, J{\'e}r{\'e}mie and Estibals, Nicolas and Zimmermann, Paul},
  booktitle={International Workshop on the Arithmetic of Finite Fields},
  pages={168--186},
  year={2012},
  organization={Springer}
}

@article{Covanov19,
  title={Improved method for finding optimal formulas for bilinear maps in a finite field},
  author={Covanov, Svyatoslav},
  journal={Theoretical Computer Science},
  year={2019},
  publisher={Elsevier}
}

@phdthesis{Covanov18,
  title={Multiplication algorithms: bilinear complexity and fast asymptotic methods},
  author={Covanov, Svyatoslav},
  year={2018},
  school={Universit{\'e} de Lorraine}
}

@article{Randriam12,
  author = {Randriambololona, Hugues},
  title = {Bilinear complexity of algebras and the Chudnovsky-Chudnovsky interpolation method},
  journal = {Journal of Complexity},
  volume = {28},
  year = {2012},
  number = {4},
  pages = {489--517},
  doi = {10.1016/j.jco.2012.02.005}
}

@incollection{Randriam15,
  title={On products and powers of linear codes under componentwise multiplication},
  author={Randriambololona, Hugues},
  booktitle={Algorithmic Arithmetic, Geometry, and Coding Theory},
  series={Contemporary Mathematics},
  volume={637},
  pages={3--78},
  year={2015},
  publisher={AMS}
}

@book{Stichtenoth09,
  title={Algebraic function fields and codes},
  author={Stichtenoth, Henning},
  volume={254},
  year={2009},
  publisher={Springer Science \& Business Media}
}

@incollection{STV92,
  title={Curves with many points and multiplication in finite fileds},
  author={Shparlinski, Igor E. and Tsfasman, Michael A. and Vladut, Serge G.},
  booktitle={Coding Theory and Algebraic Geometry},
  series={Lecture Notes in Mathematics},
  volume={1518},
  pages={145--169},
  year={1992},
  publisher={Springer}
}

@article{Strassen69,
  title={Gaussian elimination is not optimal},
  author={Strassen, Volker},
  journal={Numerische Mathematik},
  volume={13},
  number={4},
  pages={354--356},
  year={1969}
}

@inproceedings{Karatsuba63,
  title={Multiplication of multidigit numbers on automata},
  author={Karatsuba, Anatolii},
  booktitle={Soviet Physics Doklady},
  volume={7},
  pages={595--596},
  year={1963}
}

@article{CC88,
  title={Algebraic complexities and algebraic curves over finite fields},
  author={Chudnovsky, David V. and Chudnovsky, Gregory V.},
  journal={Journal of Complexity},
  volume={4},
  number={4},
  pages={285--316},
  year={1988},
  publisher={Elsevier}
}

@article{BCPRRR19,
  title={On the tensor rank of multiplication in finite extensions of finite fields and related issues in algebraic geometry},
  author={Ballet, St{\'e}phane and Chaumine, Jean and Pieltant, Julia and Rambaud, Matthieu and Randriambololona, Hugues and Rolland, Robert},
  journal={Russian Mathematical Surveys},
  year={to appear},
  comment={arXiv preprint arXiv:1906.07456}
}

@article{SL84,
  title={On symmetric algorithms for bilinear forms over finite fields},
  author={Seroussi, Gadiel and Lempel, Abraham},
  journal={Journal of Algorithms},
  volume={5},
  year={1984},
  pages={327--344}
}

@article{Bshouty13,
  title={Multilinear complexity is equivalent to optimal tester size},
  author={Bshouty, Nader H.},
  journal={Electronic Colloquium on Computational Complexity},
  volume={20},
  pages={11},
  year={2013}
}

@article{Ballet99,
  title={Curves with many points and multiplication complexity in any extension of $\mathbb{F}_q$},
  author={Ballet, Stéphane},
  journal={Finite Fields and their Applications},
  volume={5},
  pages={364--377},
  year={1999}
}

@article{BR04,
  title={Multiplication algorithm in a finite field and tensor rank of the multiplication},
  author={Ballet, Stéphane and Rolland, Robert},
  journal={Journal of Algebra},
  volume={272},
  pages={173--185},
  year={2004}
}

@article{CCXY12,
  title={Asymptotic bound for multiplication complexity in the extensions of small finite fields},
  author={Cascudo, Ignacio and Cramer, Ronald and Xing, Chaoping and Yang, An},
  journal={IEEE Transactions on Information Theory},
  volume={58},
  number={7},
  pages={4930--4935},
  year={2012}
}

@article{Randriam19,
author = {Randriambololona, Hugues},
title = {Gaps between prime numbers and tensor rank of multiplication in finite fields},
journal = {Designs, Codes and Cryptography},
volume = {87},
year = {2019},
number = {2/3},
pages = {627--645}
}

@article{Randriam13,
author = {Randriambololona, Hugues},
title = {$(2,1)$-separating systems beyond the probabilistic bound},
journal = {Israel Journal of Mathematics},
volume = {195},
year = {2013},
number = {1},
pages = {171--186}
}

@article{BBRR20+,
  title={In preparation},
  author={Bassa, Alp and Beelen, Peter and Rambaud, Matthieu and Randriam, Hugues}
}

@book{GG13,
  title={Modern computer algebra},
  author={Von Zur Gathen, Joachim and Gerhard, J{\"u}rgen},
  year={2013},
  publisher={Cambridge university press}
}

@book{BCS13,
  title={Algebraic complexity theory},
  author={B{\"u}rgisser, Peter and Clausen, Michael and Shokrollahi, Mohammad A},
  volume={315},
  year={2013},
  publisher={Springer Science \& Business Media}
}

@book{Papadimitriou03,
  title={Computational complexity},
  author={Papadimitriou, Christos H},
  year={2003},
  publisher={John Wiley and Sons Ltd.}
}

@book{Lang04,
  title={Algebra},
  author={Lang, Serge},
  volume={211},
  journal={Graduate Texts in Mathematics},
  publisher={Springer},
  year={2004}
}

@book{Perrin96,
  title={Cours d'alg{\`e}bre},
  author={Perrin, Daniel},
  volume={30},
  year={1996},
  publisher={Ellipses Paris}
}

@phdthesis{Gao93,
        author = {Shuhong Gao},
        title = {Normal Bases over Finite Fields},
        school = {University of Waterloo},
        year = {1993}
}

@book{LN97,
  title={Finite fields},
  author={Lidl, Rudolf and Niederreiter, Harald},
  volume={20},
  year={1997},
  publisher={Cambridge university press}
}

@InProceedings{DDS14,
  author    = {De Feo, Luca and Doliskani, Javad and Schost, \'{E}ric},
  title     = {Fast Arithmetic for the Algebraic Closure of Finite Fields},
  booktitle = {ISSAC '14},
  year      = {2014},
  publisher = {ACM},
  location  = {Kobe, Japan},
  isbn      = {978-1-4503-2501-1},
  pages     = {122--129},
  doi       = {10.1145/2608628.2608672},
  url       = {http://doi.acm.org/10.1145/2608628.2608672},
  acmid     = {2608672},
  keywords  = {extensions, finite fields, irreducible polynomials},
  numpages  = {8},
}

@article{Scheerhorn92,
  title={Trace-and norm-compatible extensions of finite fields},
  author={Scheerhorn, Alfred},
  journal={Applicable Algebra in Engineering, Communication and Computing},
  volume={3},
  number={3},
  pages={199--209},
  year={1992},
  publisher={Springer}
}

@article{DRR18,
  title={Lattices of compatibly embedded finite fields in Nemo/Flint},
  author={De Feo, Luca and Randriambololona, Hugues and Rousseau, {\'E}douard},
  journal={ACM Communications in Computer Algebra},
  volume={52},
  number={2},
  pages={38--41},
  year={2018},
  publisher={ACM New York, NY, USA}
}

@inproceedings{KS97,
  title={Fast polynomial factorization over high algebraic extensions of finite fields},
  author={Kaltofen, Erich and Shoup, Victor},
  booktitle={Proceedings of the 1997 international symposium on Symbolic and algebraic computation},
  pages={184--188},
  year={1997}
}

@article{Lenstra91,
  title={Finding isomorphisms between finite fields},
  author={Lenstra Jr, Hendrik W},
  journal={Mathematics of Computation},
  pages={329--347},
  year={1991},
  publisher={JSTOR}
}

@article{Shoup94,
  title={Fast construction of irreducible polynomials over finite fields},
  author={Shoup, Victor},
  journal={Journal of Symbolic Computation},
  volume={17},
  number={5},
  pages={371--391},
  year={1994},
  publisher={Elsevier}
}

@article{Shoup95,
  title={A new polynomial factorization algorithm and its implementation},
  author={Shoup, Victor},
  journal={J. Symb. Comput.},
  volume={20},
  number={4},
  pages={363--397},
  year={1995},
  publisher={Citeseer}
}

@inproceedings{Shoup99,
  title={Efficient computation of minimal polynomials in algebraic extensions of finite fields},
  author={Shoup, Victor},
  booktitle={Proceedings of the 1999 international symposium on Symbolic and algebraic computation},
  pages={53--58},
  year={1999}
}

@inproceedings{BLS03,
  title={Tellegen's principle into practice},
  author={Bostan, Alin and Lecerf, Gr{\'e}goire and Schost, {\'E}ric},
  booktitle={Proceedings of the 2003 international symposium on Symbolic and algebraic computation},
  pages={37--44},
  year={2003}
}

@phdthesis{DeFeo10,
  title={Algorithmes rapides pour les tours de corps finis et les isogenies},
  author={De Feo, Luca},
  year={2010},
  school={PhD thesis. Ecole Polytechnique X}
}

@article{DS10,
  title={transalpyne: a language for automatic transposition},
  author={De Feo, Luca and Schost, Eric},
  journal={ACM Communications in Computer Algebra},
  volume={44},
  number={1/2},
  pages={59--71},
  year={2010},
  publisher={ACM New York, NY, USA}
}

@inproceedings{KU08,
  title={Fast modular composition in any characteristic},
  author={Kedlaya, Kiran S and Umans, Christopher},
  booktitle={2008 49th Annual IEEE Symposium on Foundations of Computer Science},
  pages={146--155},
  year={2008},
  organization={IEEE}
}

@article{BFSS06,
  title={Fast computation of special resultants},
  author={Bostan, Alin and Flajolet, Philippe and Salvy, Bruno and Schost, {\'E}ric},
  journal={Journal of Symbolic Computation},
  volume={41},
  number={1},
  pages={1--29},
  year={2006},
  publisher={Elsevier}
}

@article{CL13,
  title={Fast construction of irreducible polynomials over finite fields},
  author={Couveignes, Jean-Marc and Lercier, Reynald},
  journal={Israel Journal of Mathematics},
  volume={194},
  number={1},
  pages={77--105},
  year={2013},
  publisher={Springer}
}

@inproceedings{DDS13,
  title={Fast algorithms for l-adic towers over finite fields},
  author={De Feo, Luca and Doliskani, Javad and Schost, {\'E}ric},
  booktitle={Proceedings of the 38th International Symposium on Symbolic and Algebraic Computation},
  pages={165--172},
  year={2013}
}

@article{BDDFS19,
  author  = {Brieulle, Ludovic and De Feo, Luca and Doliskani, Javad and Flori,
      Jean-Pierre and          Schost, {\'E}ric},
  title   = {Computing isomorphisms and embeddings of finite fields},
  journal = {Mathematics of Computation},
  year    = {2019},
  number  = {88},
  pages   = {1391--1426},
  doi     = {10.1090/mcom/3363},
}

@article{Winograd77,
author = {Winograd, Shmuel},
title = {Some bilinear forms whose multiplicative complexity depends on the field of constants},
journal = {Mathematical Systems Theory},
volume = {10},
year = {1977},
pages = {169--180}
}

@article{Winograd71,
author = {Winograd, Shmuel},
title = {On multiplication of $2\times2$ matrices},
journal = {Linear Algebra and its Applications},
volume = {4},
year = {1971},
pages = {381--388}
}

@article{SS71,
  title={Fast multiplication of large numbers},
  author={Sch{\"o}nhage, Arnold and Strassen, Volker},
  journal={Computing},
  volume={7},
  pages={281--292},
  year={1971},
  publisher={Springer-Verlag}
}

@article{CT65,
  title={An algorithm for the machine calculation of complex Fourier series},
  author={Cooley, James W and Tukey, John W},
  journal={Mathematics of computation},
  volume={19},
  number={90},
  pages={297--301},
  year={1965},
  publisher={JSTOR}
}

@article{CW82,
  title={On the asymptotic complexity of matrix multiplication},
  author={Coppersmith, Don and Winograd, Shmuel},
  journal={SIAM Journal on Computing},
  volume={11},
  number={3},
  pages={472--492},
  year={1982},
  publisher={SIAM}
}

@article{CW90,
  title={Matrix Multiplication via Arithmetic Progressions},
  author={Coppersmith, Don and Winograd, Shmuel},
  journal={Journal of symbolic computation},
  volume={9},
  pages={251--280},
  year={1990}
}

@article{Gauss86,
  title={Theoria interpolationis methodo nova tractata Werke band 3, 265--327},
  author={Gauss, CF},
  journal={G{\"o}ttingen: K{\"o}nigliche Gesellschaft der Wissenschaften},
  year={1886}
}

@inproceedings{AW21,
  title={A refined laser method and faster matrix multiplication},
  author={Alman, Josh and Williams, Virginia Vassilevska},
  booktitle={Proceedings of the 2021 ACM-SIAM Symposium on Discrete Algorithms (SODA)},
  pages={522--539},
  year={2021},
  organization={SIAM}
}

@article{Pieltant12,
  title={Tours de corps de fonctions alg{\'e}briques et rang de tenseur de la multiplication dans les corps finis},
  author={Pieltant, Julia},
  journal={PhD of Universit{\'e} d’Aix-Marseille, Institut de Math{\'e}matiques de Luminy},
  year={2012}
}

@phdthesis{Ballet98,
  title={Etude de la complexit{\'e} bilin{\'e}aire de la multiplication dans les corps finis par interpolation sur des courbes alg{\'e}briques},
  author={Ballet, St{\'e}phane},
  year={1998},
  school={Aix-Marseille 2}
}

@article{CO10,
  title={On multiplication in finite fields},
  author={Cenk, Murat and {\"O}zbudak, Ferruh},
  journal={Journal of Complexity},
  volume={26},
  number={2},
  pages={172--186},
  year={2010},
  publisher={Elsevier}
}

@book{BCGLLSS17,
  title={Algorithmes efficaces en calcul formel},
  author={Bostan, Alin and Chyzak, Fr{\'e}d{\'e}ric and Giusti, Marc and Lebreton, Romain and Lecerf, Gr{\'e}goire and Salvy, Bruno and Schost, {\'E}ric},
  year={2017},
  publisher={Published by the authors}
}

@article{CK91,
  title={On fast multiplication of polynomials over arbitrary algebras},
  author={Cantor, David G and Kaltofen, Erich},
  journal={Acta Informatica},
  volume={28},
  number={7},
  pages={693--701},
  year={1991},
  publisher={Citeseer}
}

@article{Moenck76,
  title={Another polynomial homomorphism},
  author={Moenck, Robert T},
  journal={Acta Informatica},
  volume={6},
  number={2},
  pages={153--169},
  year={1976},
  publisher={Springer}
}

@article{Kaltofen87,
  title={Computer algebra algorithms},
  author={Kaltofen, Erich},
  journal={Annual review of computer science},
  volume={2},
  number={1},
  pages={91--118},
  year={1987}
}

@article{GS92,
  title={Computing Frobenius maps and factoring polynomials},
  author={Von Zur Gathen, Joachim and Shoup, Victor},
  journal={Computational complexity},
  volume={2},
  number={3},
  pages={187--224},
  year={1992},
  publisher={Springer}
}

@article{Harvey09,
  title={Faster polynomial multiplication via multipoint Kronecker substitution},
  author={Harvey, David},
  journal={Journal of Symbolic Computation},
  volume={44},
  number={10},
  pages={1502--1510},
  year={2009},
  publisher={Elsevier}
}

@inproceedings{PS06,
  title={Change of order for bivariate triangular sets},
  author={Pascal, Cyril and Schost, {\'E}ric},
  booktitle={Proceedings of the 2006 international symposium on Symbolic and algebraic computation},
  pages={277--284},
  year={2006}
}

@article{BK78,
  title={Fast algorithms for manipulating formal power series},
  author={Brent, Richard P and Kung, Hsiang T},
  journal={Journal of the ACM (JACM)},
  volume={25},
  number={4},
  pages={581--595},
  year={1978},
  publisher={ACM New York, NY, USA}
}

@article{KU11,
  title={Fast polynomial factorization and modular composition},
  author={Kedlaya, Kiran S and Umans, Christopher},
  journal={SIAM Journal on Computing},
  volume={40},
  number={6},
  pages={1767--1802},
  year={2011},
  publisher={SIAM}
}

@article{PS13,
  title={Modular composition modulo triangular sets and applications},
  author={Poteaux, Adrien and Schost, {\'E}ric},
  journal={computational complexity},
  volume={22},
  number={3},
  pages={463--516},
  year={2013},
  publisher={Springer}
}
